% Modelos de referências em BibTeX

% ATENCAO:
%
% - para preservar as maiúsculas em siglas nos títulos, use {...}.
    Veja um exemplo na referência "iskandar00" abaixo.

@article{pathan2007taxonomy,
  title={A taxonomy and survey of content delivery networks},
  author={Pathan, Al-Mukaddim Khan and Buyya, Rajkumar},
  journal={Grid Computing and Distributed Systems Laboratory, University of Melbourne, Technical Report},
  volume={4},
  year={2007}
}
@article{choi2011survey,
  title={A survey on content-oriented networking for efficient content delivery},
  author={Choi, Jaeyoung and Han, Jinyoung and Cho, Eunsang and Kwon, Ted and Choi, Yanghee},
  journal={IEEE Communications Magazine},
  volume={49},
  number={3},
  year={2011},
  publisher={IEEE}
}
@inproceedings{misra2013secure,
  title={Secure content delivery in information-centric networks: Design, implementation, and analyses},
  author={Misra, Satyajayant and Tourani, Reza and Majd, Nahid Ebrahimi},
  booktitle={Proceedings of the 3rd ACM SIGCOMM Workshop on Information-centric Networking},
  pages={73--78},
  year={2013},
  organization={ACM}
}
@inproceedings{krishnamurthy2001use,
  title={On the use and performance of content distribution networks},
  author={Krishnamurthy, Balachander and Wills, Craig and Zhang, Yin},
  booktitle={Proceedings of the 1st ACM SIGCOMM Workshop on Internet Measurement},
  pages={169--182},
  year={2001},
  organization={ACM}
}
@techreport{garfinkle1996video,
  title={Video on demand},
  author={Garfinkle, Norton},
  year={1996},
  month=jun # "~25",
  publisher={Google Patents},
  note={US Patent 5,530,754}
}
@article{zambelli2009iis,
  title={IIS smooth streaming technical overview},
  author={Zambelli, Alex},
  journal={Microsoft Corporation},
  volume={3},
  pages={40},
  year={2009},
  url={http://www.bogotobogo.com/VideoStreaming/Files/iis8/IIS_Smooth_Streaming_Technical_Overview.pdf}
}
@article{metz1999aaa,
  title={AAA protocols: authentication, authorization, and accounting for the Internet},
  author={Metz, Christopher},
  journal={IEEE Internet Computing},
  volume={3},
  number={6},
  pages={75--79},
  year={1999},
  publisher={IEEE}
}
@article{o2003comparing,
  title={Comparing passwords, tokens, and biometrics for user authentication},
  author={O'Gorman, Lawrence},
  journal={Proceedings of the IEEE},
  volume={91},
  number={12},
  pages={2021--2040},
  year={2003},
  publisher={IEEE}
}
@article{hsiang2009improvement,
  title={Improvement of the secure dynamic ID based remote user authentication scheme for multi-server environment},
  author={Hsiang, Han-Cheng and Shih, Wei-Kuan},
  journal={Computer Standards \& Interfaces},
  volume={31},
  number={6},
  pages={1118--1123},
  year={2009},
  publisher={Elsevier}
}

@book{stallings1995network,
  title={Network and internetwork security: principles and practice},
  author={Stallings, William},
  volume={1},
  year={1995},
  publisher={Prentice Hall Englewood Cliffs}
}
@book{stuttard2011web,
  title={The web application hacker's handbook: Finding and exploiting security flaws},
  author={Stuttard, Dafydd and Pinto, Marcus},
  year={2011},
  publisher={John Wiley \& Sons}
}
@inproceedings{biryukov2010key,
  title={Key recovery attacks of practical complexity on AES-256 variants with up to 10 rounds},
  author={Biryukov, Alex and Dunkelman, Orr and Keller, Nathan and Khovratovich, Dmitry and Shamir, Adi},
  booktitle={Annual International Conference on the Theory and Applications of Cryptographic Techniques},
  pages={299--319},
  year={2010},
  organization={Springer}
}
@article{haouzia2008methods,
  title={Methods for image authentication: a survey},
  author={Haouzia, Adil and Noumeir, Rita},
  journal={Multimedia tools and applications},
  volume={39},
  number={1},
  pages={1--46},
  year={2008},
  publisher={Springer}
}
@techreport{wein2012content,
  title={Content delivery network ({CDN}) content server request handling mechanism},
  author={Wein, Joel M and Kloninger, John Josef and Nottingham, Mark C and Karger, David R and Lisiecki, Philip A},
  year={2012},
  month=feb # "~21",
  publisher={Google Patents},
  note={US Patent 8,122,102}
}
@techreport{leighton2007html,
  title={HTML delivery from edge-of-network servers in a content delivery network ({CDN})},
  author={Leighton, F Thomson and Lewin, Daniel M and others},
  year={2007},
  month=nov # "~6",
  publisher={Google Patents},
  note={US Patent 7,293,093}
}
@techreport{pomelo2009analysis,
  title={Analysis of Netflix’s security framework for Watch Instantly service},
  author={Pomelo, LLC},
  year={2009},
  publisher={Technical report, March},
  url={http://www.videotechnology.com/netflix/pomelo-tech-report-netflix.pdf}
}
@inproceedings{adhikari2012unreeling,
  title={Unreeling Netflix: Understanding and improving multi-{CDN} movie delivery},
  author={Adhikari, Vijay Kumar and Guo, Yang and Hao, Fang and Varvello, Matteo and Hilt, Volker and Steiner, Moritz and Zhang, Zhi-Li},
  booktitle={INFOCOM, 2012 Proceedings IEEE},
  pages={1620--1628},
  year={2012},
  organization={IEEE}
}
@inproceedings{blaze1998divertible,
  title={Divertible protocols and atomic proxy cryptography},
  author={Blaze, Matt and Bleumer, Gerrit and Strauss, Martin},
  booktitle={International Conference on the Theory and Applications of Cryptographic Techniques},
  pages={127--144},
  year={1998},
  organization={Springer}
}
@ARTICLE{1363std, 
author={}, 
journal={IEEE Std 1363-2000}, 
title={IEEE Standard Specifications for Public-Key Cryptography}, 
year={2000}, 
volume={}, 
number={}, 
pages={1-228}, 
keywords={IEEE standards;message authentication;public key cryptography;telecommunication standards;IEEE standard specifications;public-key cryptography;mathematical primitives;secret value derivation;key derivation;public-key encryption;digital signatures;cryptographic schemes;cryptographic parameters;private keys;IEEE standards;digital signature;encryption;key agreement;public-key cryptography}, 
doi={10.1109/IEEESTD.2000.92292}, 
ISSN={}, 
month={Aug},}

@inproceedings{ma2009group,
  title={Group-based Proxy Re-encryption scheme},
  author={Ma, Chunbo and Ao, Jun},
  booktitle={International Conference on Intelligent Computing},
  pages={1025--1034},
  year={2009},
  organization={Springer}
}

@article{mannes2016controle,
  title={Controle de acesso baseado em criptografia para a distribui{\c{c}}{\~a}o segura de conte{\'u}do multim{\'\i}dia em redes centradas de informa{\c{c}}{\~a}o},
  author={Mannes, Elisa},
  year={2016}
}
@article{libert2011unidirectional,
  title={Unidirectional chosen-ciphertext secure proxy re-encryption},
  author={Libert, Benoit and Vergnaud, Damien},
  journal={IEEE Transactions on Information Theory},
  volume={57},
  number={3},
  pages={1786--1802},
  year={2011},
  publisher={IEEE}
}

@article{ateniese2006improved,
  title={Improved proxy re-encryption schemes with applications to secure distributed storage},
  author={Ateniese, Giuseppe and Fu, Kevin and Green, Matthew and Hohenberger, Susan},
  journal={ACM Transactions on Information and System Security (TISSEC)},
  volume={9},
  number={1},
  pages={1--30},
  year={2006},
  publisher={ACM}
}
@inproceedings{chow2010efficient,
  title={Efficient unidirectional proxy re-encryption},
  author={Chow, Sherman SM and Weng, Jian and Yang, Yanjiang and Deng, Robert H},
  booktitle={International Conference on Cryptology in Africa},
  pages={316--332},
  year={2010},
  organization={Springer}
}

@inproceedings{matsuo2007proxy,
  title={Proxy re-encryption systems for identity-based encryption},
  author={Matsuo, Toshihiko},
  booktitle={International Conference on Pairing-Based Cryptography},
  pages={247--267},
  year={2007},
  organization={Springer}
}

@inproceedings{zhu2010new,
  title={A new certificateless proxy re-encryption scheme},
  author={Zhu, Jun and Zhang, Futai and Song, Xiaodong},
  booktitle={Web Information Systems and Mining (WISM), 2010 International Conference on},
  volume={2},
  pages={53--58},
  year={2010},
  organization={IEEE}
}

@article{shao2012anonymous,
  title={Anonymous proxy re-encryption},
  author={Shao, Jun and Liu, Peng and Wei, Guiyi and Ling, Yun},
  journal={Security and Communication Networks},
  volume={5},
  number={5},
  pages={439--449},
  year={2012},
  publisher={Wiley Online Library}
}

@inproceedings{jia2010cca,
  title={CCA-secure type-based proxy re-encryption with invisible proxy},
  author={Jia, Xiaoqi and Shao, Jun and Jing, Jiwu and Liu, Peng},
  booktitle={Computer and Information Technology (CIT), 2010 IEEE 10th International Conference on},
  pages={1299--1305},
  year={2010},
  organization={IEEE}
}
@article{redesCentradasInfo,
  title={Redes orientadas a conte{\'u}do: Um novo paradigma para a Internet},
  author={de Brito, Gabriel M and Velloso, Pedro B and Moraes, Igor M},
  journal={Minicursos do Simp{\'o}sio Brasileiro de Redes de Computadores-SBRC},
  volume={2012},
  pages={211--264},
  year={2012}
}
@article{stamos2010cdnsim,
  title={Cdnsim: A simulation tool for content distribution networks},
  author={Stamos, Konstantinos and Pallis, George and Vakali, Athena and Katsaros, Dimitrios and Sidiropoulos, Antonis and Manolopoulos, Yannis},
  journal={ACM Transactions on Modeling and Computer Simulation (TOMACS)},
  volume={20},
  number={2},
  pages={10},
  year={2010},
  publisher={ACM}
}
@misc{OMNet,
  title = {OMNet ++},
  howpublished = {\url{https://www.omnetpp.org/}},
  note = {Accessed: 2018-09-17}
}